% references.bib
@article{mollahosseini2016,
  author = {Mollahosseini, A. and Chan, D. and Mahoor, M. H.},
  title = {Going deeper in facial expression recognition using deep neural networks},
  journal = {2016 IEEE Winter Conference on Applications of Computer Vision (WACV)},
  year = {2016},
  pages = {1--10},
  doi = {10.1109/WACV.2016.7477450}
}

@inproceedings{goodfellow2014,
  author    = {Goodfellow, Ian and Pouget-Abadie, Jean and Mirza, Mehdi and Xu, Bing and Warde-Farley, David and Ozair, Sherjil and Courville, Aaron and Bengio, Yoshua},
  title     = {Generative Adversarial Nets},
  booktitle = {Advances in Neural Information Processing Systems (NeurIPS)},
  year      = {2014},
  pages     = {2672--2680},
}

@article{howard2019,
  author = {Howard, A. G. and Sandler, M. and Chu, G. and others},
  title = {Searching for MobileNetV3},
  journal = {Proceedings of the IEEE/CVF International Conference on Computer Vision},
  year = {2019},
  pages = {1314--1324},
  doi = {10.1109/ICCV.2019.00140}
}

@article{sandler2018,
  author = {Sandler, M. and Howard, A. and Zhu, M. and others},
  title = {MobileNetV2: Inverted Residuals and Linear Bottlenecks},
  journal = {Proceedings of the IEEE Conference on Computer Vision and Pattern Recognition},
  year = {2018},
  pages = {4510--4520},
  doi = {10.1109/CVPR.2018.00474}
}

@article{wang2022,
  author = {Wang, C. and Li, B. and Xu, Y.},
  title = {Low-Light Facial Expression Recognition Using Adaptive Preprocessing and Lightweight CNNs},
  journal = {Sensors},
  year = {2022},
  volume = {22},
  number = {1},
  pages = {45},
  doi = {10.3390/s22010045}
}

@article{wang2020,
  author = {Wang, S. and Liu, Z. and others},
  title = {Adaptive Contrast Enhancement for Low-Light Image Processing},
  journal = {IEEE Transactions on Image Processing},
  year = {2020},
  volume = {29},
  pages = {1234--1245},
  doi = {10.1109/TIP.2020.2970623}
}

@article{zhang2019,
  author = {Zhang, Y. and Liu, J. and others},
  title = {EnlightenGAN: Deep Light Enhancement without Paired Supervision},
  journal = {IEEE Transactions on Image Processing},
  year = {2019},
  volume = {30},
  pages = {2340--2355},
  doi = {10.1109/TIP.2021.3051466}
}

@article{pizer1987,
  author = {Pizer, S. M. and Amburn, E. P. and Austin, J. D. and others},
  title = {Adaptive Histogram Equalization and Its Variations},
  journal = {Computer Vision, Graphics, and Image Processing},
  year = {1987},
  volume = {39},
  number = {3},
  pages = {355--368},
  doi = {10.1016/S0734-189X(87)80186-X}
}
@article{howard2017,
  author = {Howard, A. G. and Zhu, M. and Chen, B. and others},
  title = {MobileNets: Efficient Convolutional Neural Networks for Mobile Vision Applications},
  journal = {arXiv preprint arXiv:1704.04861},
  year = {2017}
}
@article{ying2017,
  author = {Ying, Z. and Li, Z. and Ren, Y. and Wang, R. and Wang, W.},
  title = {A New Image Contrast Enhancement Algorithm Using Exposure Fusion Framework},
  journal = {arXiv preprint arXiv:1709.01550},
  year = {2017}
}
@inproceedings{hu2018,
  author = {Hu, J. and Shen, L. and Sun, G.},
  title = {Squeeze-and-Excitation Networks},
  booktitle = {Proceedings of the IEEE Conference on Computer Vision and Pattern Recognition (CVPR)},
  year = {2018},
  pages = {7132--7141},
  doi = {10.1109/CVPR.2018.00745}
}
@article{goodfellow2013challenges,
  title={Challenges in representation learning: A report on three machine learning contests},
  author={Goodfellow, Ian and others},
  journal={Neural Networks},
  year={2013}
}

@article{zhang2019ganfer,
  title={GAN-Based Low-Light Image Enhancement for Face Recognition},
  author={Zhang, Lei and others},
  journal={IEEE Access},
  year={2019}
}

@article{wang2022lowlight,
  title={Lightweight preprocessing for FER in low-light conditions},
  author={Wang, Hao and others},
  journal={Journal of Visual Communication and Image Representation},
  year={2022}
}

@article{ying2017gamma,
  title={A bio-inspired multi-exposure fusion framework for low-light image enhancement},
  author={Ying, Zhenqiang and others},
  journal={arXiv preprint arXiv:1711.00591},
  year={2017}
}

@article{pizer1987clahe,
  title={Adaptive histogram equalization and its variations},
  author={Pizer, Stephen M. and others},
  journal={Computer Vision, Graphics, and Image Processing},
  year={1987}
}

@article{howard2019mobilenetv3,
  title={Searching for MobileNetV3},
  author={Howard, Andrew and others},
  journal={Proceedings of the IEEE/CVF International Conference on Computer Vision},
  year={2019}
}

@article{howard2017mobilenets,
  title={MobileNets: Efficient Convolutional Neural Networks for Mobile Vision Applications},
  author={Howard, Andrew G. and others},
  journal={arXiv preprint arXiv:1704.04861},
  year={2017}
}

@article{zhang2021,
  author = {Zhang, Yulun and Zhang, Kunpeng and Zhong, Bihan and Fu, Yunchao and Xu, Yunchao and Lin, Yun and Shao, Ling},
  title = {EnlightenGAN: Deep Light Enhancement without Paired Supervision},
  journal = {IEEE Transactions on Image Processing},
  volume = {30},
  pages = {2340--2355},
  year = {2021},
  doi = {10.1109/TIP.2021.3051466}
}

@article{khaireddin2021,
  author  = {Yousif Khaireddin and Zhuofa Chen},
  title   = {Facial Emotion Recognition: State of the Art Performance on FER2013},
  journal = {arXiv preprint arXiv:2105.03588},
  year    = {2021},
  url     = {https://arxiv.org/abs/2105.03588}
}

@article{dada2023,
  author = {Dada, Emmanuel Gbenga and Oyewola, David Opeoluwa and Joseph, Stephen Bassi and Emebo, Onyeka and Oluwagbemi, Olugbenga Oluseun},
  title = {Facial Emotion Recognition and Classification Using the Convolutional Neural Network-10 (CNN-10)},
  journal = {Journal of Electrical and Computer Engineering},
  year = {2023},
  volume = {2023},
  doi = {10.1155/2023/6684741}
}